@incollection{Fritzke1995,
	title = {A Growing Neural Gas Network Learns Topologies},
	author = {Fritzke, Bernd},
	booktitle = {Advances in Neural Information Processing Systems 7},
	editor = {G. Tesauro, D.S. Touretzky, T.K. Leen},
	pages = {625--632},
	year = {1995},
	publisher = {MIT Press},
	url = {http://web.cs.swarthmore.edu/~meeden/DevelopmentalRobotics/fritzke95.pdf}
}

@misc{DemoGNG,
	title = {DemoGNG},
	author = {Fritzke, Bernd and Loos, Hartmut S.},
	author = {},
	url = {http://www.demogng.de/},
	urldate = {2015-08-11},
}

@misc{d3js,
	title={A JavaScript library for manipulating documents based on data},
	author={Bostock, Mike},
	url = {http://d3js.org/},
	urldate = {2015-09-11},
}

@misc{sigmajs,
	title={Sigma is a JavaScript library dedicated to graph drawing},
	author={Jacomy, Alexis},
	url = {http://sigmajs.org/},
	urldate = {2015-09-11},
}

@misc{arborjs,
	title={Arbor is a graph visualization library built with web workers and jQuery},
	author={Swinehart, Christian},
	url = {http://arborjs.org/},
	urldate = {2015-09-11},
}

@article{Martinetz1994,
	author = {Martinetz, Thomas and Schulten, Klaus},
	isbn = {0893-6080},
	journal = {Neural Networks},
	number = {3},
	pages = {507--522},
	publisher = {Elsevier BV},
	title = {Topology representing networks},
	url = {http://www.sciencedirect.com/science/article/pii/0893608094901090},
	url = {https://katalog.bibliothek.tu-chemnitz.de/Record/ai-49-aHR0cDovL2R4LmRvaS5vcmcvMTAuMTAxNi8wODkzLTYwODAoOTQpOTAxMDktMA},
	volume = {7},
	year = {1994}
}

@book{Richardson2007,
	title = {RESTful web services Includes index },
	shorttitle = {RESTful web services Includes index },
	volume = {},
	author = {Richardson, Leonard and Ruby, Sam},
	address = {Sebastopol, Calif.},
	publisher = {O'Reilly},
	year = {2007},
	isbn = {9780596529260},
	isbn = {0596529260},
	pages = {Online-Ressource.},
	url = {http://proquest.tech.safaribooksonline.de/9780596529260},
	url = {https://katalog.bibliothek.tu-chemnitz.de/Record/0003596502}
}

@book{Richardson2013,
	title = {RESTful Web APIs},
	shorttitle = {RESTful Web APIs},
	volume = {},
	author = {Richardson, Leonard and Michael, Amundsen},
	address = {Sebastopol, Calif.},
	publisher = {O'Reilly},
	year = {c2013},
	isbn = {9781449358068},
	isbn = {1449358063},
	pages = {Online-Ressource (1 v. p.)},
	note = {Includes index.},
	url = {http://proquest.tech.safaribooksonline.de/9781449359713},
	url = {https://katalog.bibliothek.tu-chemnitz.de/Record/0012842752}
}

@book{Masse2012,
	title = {REST API design rulebook},
	shorttitle = {REST API design rulebook},
	volume = {},
	author = {Massé, Mark},
	address = {Sebastopol, CA},
	publisher = {O'Reilly},
	year = {c2012},
	isbn = {9781449317904},
	isbn = {1449317901},
	pages = {Online-Ressource (xiii, 94 p.)},
	note = {"Designing consistent RESTful web service interfaces"--Cover.},
	url = {http://proquest.tech.safaribooksonline.de/9781449317904},
	url = {https://katalog.bibliothek.tu-chemnitz.de/Record/0007254861}
}

@book{Gulabani2013,
	title = {Developing RESTful web services with Jersey 2.0 Create RESTful web services smoothly using the robust Jersey 2.0 and JAX-RS APIs },
	shorttitle = {Developing RESTful web services with Jersey 2.0 Create RESTful web services smoothly using the robust Jersey 2.0 and JAX-RS APIs },
	volume = {},
	author = {Gulabani, Sunil},
	address = {Birmingham, UK},
	publisher = {Packt Pub.},
	year = {2013},
	isbn = {9781783288298},
	isbn = {1783288299},
	pages = {Online-Ressource (1 v. p.)},
	note = {Includes index.},
	url = {http://proquest.tech.safaribooksonline.de/9781783288298},
	url = {https://katalog.bibliothek.tu-chemnitz.de/Record/0012843951}
}

@book{Wheeler2013,
	title = {Spring In practice },
	shorttitle = {Spring In practice },
	volume = {},
	author = {Wheeler, Willie and White, Joshua},
	year = {2013},
	isbn = {9781935182054},
	isbn = {1935182056},
	pages = {Online-Ressource (1 v. p.)},
	note = {"Covers Spring 3"--Cover. - Includes index.},
	url = {http://swbplus.bsz-bw.de/bsz398274525cov.htm},
	url = {http://proquest.tech.safaribooksonline.de/9781935182054},
	url = {https://katalog.bibliothek.tu-chemnitz.de/Record/0008950886}
}

@book{Gutierrez2014,
	title = {Introducing Spring framework A primer },
	shorttitle = {Introducing Spring framework A primer },
	volume = {},
	author = {Gutierrez, Felipe},
	address = {New York},
	publisher = {Apress},
	year = {2014},
	isbn = {9781430265320},
	isbn = {1430265329},
	pages = {Online-Ressource (1 v. p.)},
	note = {Place of publication from publisher's website. - Includes index.},
	url = {http://swbplus.bsz-bw.de/bsz41723001xcov.htm},
	url = {http://proquest.tech.safaribooksonline.de/9781430265337},
	url = {https://katalog.bibliothek.tu-chemnitz.de/Record/0013588851}
}

@article{Fielding2002,
	author = {Fielding, Roy T. and Taylor, Richard N.},
	title = {Principled Design of the Modern Web Architecture},
	journal = {ACM Trans. Internet Technol.},
	issue_date = {May 2002},
	volume = {2},
	number = {2},
	month = may,
	year = {2002},
	issn = {1533-5399},
	pages = {115--150},
	numpages = {36},
	url = {http://doi.acm.org/10.1145/514183.514185},
	doi = {10.1145/514183.514185},
	acmid = {514185},
	publisher = {ACM},
	address = {New York, NY, USA},
	keywords = {Network-based applications, REST, World Wide Web},
}

@phdthesis{Fielding2000,
	type = {dissertation},
	author = {Fielding, Roy T.},
	title = {Architectural Styles and the Design of Network-based Software Architectures},
	school = {University of California},
	year = {2000},
	address = {Irvine},
	url = {https://www.ics.uci.edu/~fielding/pubs/dissertation/fielding_dissertation.pdf}
}

@misc{rfc7159,
	author="T. Bray",
	title="{The JavaScript Object Notation (JSON) Data Interchange Format}",
	series="Request for Comments",
	number="7159",
	howpublished="RFC 7159 (Proposed Standard)",
	publisher="IETF",
	organization="Internet Engineering Task Force",
	year=2014,
	month=mar,
	url="http://www.ietf.org/rfc/rfc7159.txt",
}

@book{Mehta2013,
	title = {Developing RESTful services with JAX-RS 2.0, WebSockets, and JSON},
	shorttitle = {Developing RESTful services with JAX-RS 2.0, WebSockets, and JSON},
	volume = {},
	author = {Kalali, Masoud and Mehta, Bhakti},
	address = {Birmingham, U.K.},
	publisher = {Packt Pub.},
	year = {2013},
	isbn = {9781782178125},
	isbn = {1782178120},
	pages = {Online-Ressource (1 v. p.)},
	note = {Author : Masoud Kalali. Cf. "About the author" page. - Author : Bhakti Mehta. Cf. "About the author" page. - Includes index.},
	url = {http://proquest.tech.safaribooksonline.de/9781782178125},
	url = {https://katalog.bibliothek.tu-chemnitz.de/Record/0012843316}
}

@article{Cegielski199955,
	title = "On arithmetical first-order theories allowing encoding and decoding of lists ",
	journal = "Theoretical Computer Science ",
	volume = "222",
	number = "1–2",
	pages = "55 - 75",
	year = "1999",
	note = "",
	issn = "0304-3975",
	doi = "http://dx.doi.org/10.1016/S0304-3975(97)00281-8",
	url = "http://www.sciencedirect.com/science/article/pii/S0304397597002818",
	author = "Patrick Cegielski and Denis Richard",
	keywords = "Encoding",
	keywords = "Decoding",
	keywords = "Pairing function",
	keywords = "List",
	keywords = "First logic",
	keywords = "Decidability",
	keywords = "Undecidability "
}

@article{cantor,
	author={Cantor,G.},
	year={1874},
	title={Über eine Eigenschaft des Inbegriffes aller reellen algebraischen Zahlen},
	journal={Journal für die reine und angewandte Mathematik},
	volume={77},
	pages={258-262},
	url = {http://dx.doi.org/10.1515/crll.1874.77.258},
	url = {https://katalog.bibliothek.tu-chemnitz.de/Record/ai-49-aHR0cDovL2R4LmRvaS5vcmcvMTAuMTUxNS9jcmxsLjE4NzQuNzcuMjU4}
}

@book{Galitz2007,
	title = {The essential guide to user interface design An introduction to GUI design principles and techniques },
	shorttitle = {The essential guide to user interface design An introduction to GUI design principles and techniques },
	volume = {},
	author = {Galitz, Wilbert O.},
	address = {Indianapolis, IN},
	publisher = {Wiley Pub.},
	year = {2007},
	edition = {3rd ed},
	isbn = {9780470053423},
	isbn = {0470053429},
	pages = {Online-Ressource (1 v. p.)},
	note = {Includes bibliographical references and index.},
	url = {http://proquest.tech.safaribooksonline.de/9780470053423},
	url = {https://katalog.bibliothek.tu-chemnitz.de/Record/0008903698}
}

@ARTICLE{mdptoolkit,
	AUTHOR={Zito, Tiziano  and  Wilbert, Niko  and  Wiskott, Laurenz  and  Berkes, Pietro},
	TITLE={Modular toolkit for Data Processing (MDP): a Python data processing framework},
	JOURNAL={Frontiers in Neuroinformatics},
	VOLUME={2},
	YEAR={2009},
	NUMBER={8},
	DOI={10.3389/neuro.11.008.2008},
	ISSN={1662-5196},
}

@misc{Matlab,
	title = {Unsupervised Learning with Growing Neural Gas (GNG) Neural Network},
	author = {Ilias Konsoulas},
	url = {http://www.mathworks.com/matlabcentral/fileexchange/43665-unsupervised-learning-with-growing-neural-gas--gng--neural-network},
	urldate = {2015-10-04},
}

@misc{mdp_plotlib,
	title = {Quick tips for data analysis in python MDP and matplotlib},
	author = {Jonathan Street},
	url = {http://jonathanstreet.com/blog/tips-python-data-analysis/},
	urldate = {2015-10-04},
}
