@incollection{Fritzke1995,
	title = {A Growing Neural Gas Network Learns Topologies},
	author = {Bernd Fritzke},
	booktitle = {Advances in Neural Information Processing Systems 7},
	editor = {G. Tesauro and D.S. Touretzky and T.K. Leen},
	pages = {625--632},
	year = {1995},
	publisher = {MIT Press},
	url = {http://web.cs.swarthmore.edu/~meeden/DevelopmentalRobotics/fritzke95.pdf}
}

@misc{DemoGNG,
	title = {DemoGNG},
	author = {Bernd Fritzke and Hartmut S. Loos},
	url = {http://www.demogng.de/}
}
